@misc{matrix,
	title="Матрица [Электронный ресурс]",
	howpublished="Режим доступа: \url{https://terme.ru/termin/matrica.html} (дата обращения: 14.10.2022)"
}

@misc{vinogr,
	title="Умножение матриц [Электронный ресурс]",
	howpublished="Режим доступа: \url{http://algolib.narod.ru/Math/Matrix.html} (дата обращения: 14.10.2022)"
}

@article{
	Cohn,
	author="Henry Cohn and Robert Kleinberg and Balazs Szegedy and Chris Umans",
	title="Group-theoretic Algorithms for Matrix Multiplication",
	journal="Proceedings of the 46th Annual Symposium on Foundations of Computer Science",
	pages="379--388",
	language="english",
	year=2005,
	month="October"
}

@inbook{
	Dameray_Levenshtein,
	author="Черненький В. М., Гапанюк Ю. Е.",
	title="Методика идентификации пассажира по установочным данным",
	publisher="-- М.: Вестник МГТУ им. Н.Э. Баумана. Сер. “Приборостроение”",
	volume=163,
	chapter=4,
	pages="30-34",
	language="russian",
	year=2012
}

@inbook{
	Levenshtein,
	author="Левенштейн, В. И.",
	title="Двоичные коды с исправлением выпадений, вставок и замещений символов",
	publisher="-- М.: Доклады АН СССР",
	volume=163,
	chapter=4,
	pages="845--848",
	language="russian",
	year=1965
}


@misc{pythonlang,
	title="Welcome to Python [Электронный ресурс]",
	howpublished="Режим доступа: \url{https://www.python.org} (дата обращения: 04.09.2021)"
}

@misc{pythonlangtime,
	title="time — Time access and conversions [Электронный ресурс]",
	howpublished="Режим доступа: \url{https://docs.python.org/3/library/time.html#functions} (дата обращения: 04.09.2021)"
}



@misc{ubuntu,
	title="Ubuntu 20.04.3 LTS (Focal Fossa) [Электронный ресурс]",
	howpublished="Режим доступа: \url{https://releases.ubuntu.com/20.04/} (дата обращения: 04.09.2021)"
}
